@inproceedings{clkscrew,
    author          = {Adrian Tang},
    titile          = {CLKscrew: Exposing the Perils of Security-Oblivious Energy Management},
    booktitle       = {Proceedings of the 26th USENIX Security Symposium},
    year            = {2017},
    isbn            = {978-1-931971-40-9},
    url             = {https://www.usenix.org/system/files/conference/usenixsecurity17/sec17-tang.pdf},
    urldate         = {2019-04-08},
}

@online{linuxCPUScaling,
    author          = {Rob Landley},
    titile          = {CPU Performance Scaling — The Linux Kernel Documentation},
    year            = {2019},
    url             = {https://www.kernel.org/doc/html/v5.0/admin-guide/pm/cpufreq.html},
    urldate         = {2019-04-08},
}

@online{linuxIntelPState,
    author          = {Rob Landley},
    titile          = {intel_pstate CPU Performance Scaling Driver — The Linux Kernel Documentation},
    year            = {2019},
    url             = {https://www.kernel.org/doc/html/v5.0/admin-guide/pm/intel_pstate.html},
    urldate         = {2019-04-08},
}

@online{intelDevManual,
    author          = {Intel},
    titile          = {Intel 64 and IA-32 Architectures Software Developer's Manual},
    year            = {2019},
    url             = {https://software.intel.com/sites/default/files/managed/39/c5/325462-sdm-vol-1-2abcd-3abcd.pdf},
    urldate         = {2019-04-08},
}
